@article{conway1997mutations,
  title={Mutations of Arabidopsis thaliana that transform leaves into cotyledons},
  author={Conway, Laura J and Poethig, R Scott},
  journal={Proceedings of the National Academy of Sciences},
  volume={94},
  number={19},
  pages={10209--10214},
  year={1997},
  publisher={National Acad Sciences}
}

@misc{Phenotyp28:online,
author = {},
title = {Phenotype - Wikipedia},
howpublished = {\url{https://en.wikipedia.org/wiki/Phenotype}},
month = {},
year = {},
note = {(Accessed on 10/23/2020)}
}

@misc{OpenCV87:online,
author = {},
title = {OpenCV},
howpublished = {\url{https://opencv.org/}},
month = {},
year = {},
note = {(Accessed on 10/23/2020)}
}

@article{minervini2016finely,
  title={Finely-grained annotated datasets for image-based plant phenotyping},
  author={Minervini, Massimo and Fischbach, Andreas and Scharr, Hanno and Tsaftaris, Sotirios A},
  journal={Pattern recognition letters},
  volume={81},
  pages={80--89},
  year={2016},
  publisher={Elsevier}
}
@article{guru2010texture,
  title={Texture features and KNN in classification of flower images},
  author={Guru, DS and Sharath, YH and Manjunath, S},
  journal={IJCA, Special Issue on RTIPPR (1)},
  pages={21--29},
  year={2010}
}

@article{8068597,
  author={A. {Salman} and A. {Semwal} and U. {Bhatt} and V. M. {Thakkar}},
  booktitle={2017 International Conference on Inventive Systems and Control (ICISC)}, 
  title={Leaf classification and identification using Canny Edge Detector and SVM classifier}, 
  year={2017},
  volume={},
  number={},
  pages={1-4},
  doi={10.1109/ICISC.2017.8068597}}

@article{6835733,
  author={S. {Haug} and A. {Michaels} and P. {Biber} and J. {Ostermann}},
  booktitle={IEEE Winter Conference on Applications of Computer Vision}, 
  title={Plant classification system for crop /weed discrimination without segmentation}, 
  year={2014},
  volume={},
  number={},
  pages={1142-1149},
  doi={10.1109/WACV.2014.6835733}}
  
@misc{scikitle87:online,
author = {},
title = {scikit-learn: machine learning in Python â€” scikit-learn 0.23.2 documentation},
howpublished = {\url{https://scikit-learn.org/stable/}},
month = {},
year = {},
note = {(Accessed on 11/05/2020)}
}
@misc{4590383,
  author={ {Xuelong Hu} and  {Yingcheng Tang} and  {Zhenghua Zhang}},
  booktitle={2008 International Conference on Neural Networks and Signal Processing}, 
  title={Video object matching based on SIFT algorithm}, 
  year={2008},
  volume={},
  number={},
  pages={412-415},
  doi={10.1109/ICNNSP.2008.4590383}}